@misc{convnext2022,
  title = {A ConvNet for the 2020s},
  author = {Zhuang Liu and Hanzi Mao and Chao-Yuan Wu and Christoph Feichtenhofer and Trevor Darrell and Saining Xie},
  year = {2022},
  howpublished = {\url{https://arxiv.org/abs/2201.03545}}
}

@misc{MedNeXt,
  title = {MedNeXt: Transformer-driven Scaling of
ConvNets for Medical Image Segmentation},
  author        = {Roy, Saikat and Koehler, Gregor and Ulrich, Constantin and Baumgartner, Michael and Petersen, Jens and Isensee, Fabian and Jaeger, Paul F. and Maier-Hein, Klaus},
  year = {2024},
  howpublished = {\url{https://arxiv.org/pdf/2303.09975}}
}

@misc{liu2023deep,
  title={Deep learning-based skin lesion classification using dermoscopic images: A comprehensive review},
  author={Liu, Y. and Wang, Y. and Zhang, J. and Li, X. and Chen, H.},
  year={2023},
  howpublished={https://www.sciencedirect.com/science/article/abs/pii/S0010482523004250}
}

@Misc{convnext_v2_2023,
  author    = {Woo, Sanghyun and Debnath, Shoubhik and Hu, Ronghang and Chen, Xinlei and Liu, Zhuang and Kweon, In So and Xie, Saining},
  title     = {ConvNeXt V2: Co-designing and Scaling ConvNets with Masked Autoencoders},
  year      = {2023},
  copyright = {Creative Commons Attribution Non Commercial No Derivatives 4.0 International},
  doi       = {10.48550/ARXIV.2301.00808},
  keywords  = {Computer Vision and Pattern Recognition (cs.CV), FOS: Computer and information sciences, FOS: Computer and information sciences},
  publisher = {arXiv},
}

@misc{efficientnetv2,
  title = {EfficientNetV2: Smaller Models and Faster Training},
  author = {Mingxing Tan, Quoc V. Le},
  year = {2021},
  howpublished = {\url{https://arxiv.org/abs/2104.00298}}
}

@Misc{dinov2,
  author    = {Oquab, Maxime and Darcet, Timothée and Moutakanni, Théo and Vo, Huy and Szafraniec, Marc and Khalidov, Vasil and Fernandez, Pierre and Haziza, Daniel and Massa, Francisco and El-Nouby, Alaaeldin and Assran, Mahmoud and Ballas, Nicolas and Galuba, Wojciech and Howes, Russell and Huang, Po-Yao and Li, Shang-Wen and Misra, Ishan and Rabbat, Michael and Sharma, Vasu and Synnaeve, Gabriel and Xu, Hu and Jegou, Hervé and Mairal, Julien and Labatut, Patrick and Joulin, Armand and Bojanowski, Piotr},
  title     = {DINOv2: Learning Robust Visual Features without Supervision},
  year      = {2023},
  copyright = {arXiv.org perpetual, non-exclusive license},
  doi       = {10.48550/ARXIV.2304.07193},
  keywords  = {Computer Vision and Pattern Recognition (cs.CV), FOS: Computer and information sciences, FOS: Computer and information sciences},
  publisher = {arXiv},
}


@misc{dynamic_loss_balancing,
  title = {Dynamic loss balancing and sequential
    enhancement for road-safety assessment
    and traffic scene classification
},
   author = {Kačan, Marin and Ševrović, Marko and Šegvić, Siniša},
  year = {2021},
howpublished = {\url{https://arxiv.org/pdf/2211.04165}}
}

@misc{ohem,
  title = {Training Region-based Object Detectors with Online Hard Example Mining
  },
  author = {Abhinav Shrivastava, Abhinav Gupta, Ross Girshick},
  year = {2016},
  howpublished = {\url{https://arxiv.org/abs/1604.03540v1}}
}

@misc{focal_loss,
  title = {Focal Loss for Dense Object Detection
  },
  author = {Tsung-Yi Lin and Priya Goyal and Ross Girshick and Kaiming He and Piotr Dollár},
  year = {2017},
  howpublished = {\url{https://arxiv.org/abs/1708.02002}}
}


@Article{skin_color_bias_ferit,
  author    = {Benčević, Marin and Habijan, Marija and Galić, Irena and Babin, Danilo and Pižurica, Aleksandra},
  journal   = {Computer Methods and Programs in Biomedicine},
  title     = {Understanding skin color bias in deep learning-based skin lesion segmentation},
  year      = {2024},
  issn      = {0169-2607},
  month     = mar,
  pages     = {108044},
  volume    = {245},
  doi       = {10.1016/j.cmpb.2024.108044},
  publisher = {Elsevier BV},
}

@misc{skin_color_debiasing,
  title = {Detecting Melanoma Fairly:
Skin Tone Detection and Debiasing for Skin
Lesion Classification
  },
  author = {Peter J. Bevan and Amir Atapour-Abarghouei},
  year = {2022},
  howpublished = {\url{https://pubmed.ncbi.nlm.nih.gov/38290289/}}
}


@misc{assessing_bias_in_classifiers,
  title = {Assessing Bias in Skin Lesion Classifiers With
Contemporary Deep Learning and Post-Hoc
Explainability Techniques
  },
  author = {Adam Corbin and Oge Marques},
  year = {2023},
  howpublished = {\url{https://ieeexplore.ieee.org/document/10162202/}}
}

@Misc{domain_aware_fairness,
  author    = {Wang, Zeyu and Qinami, Klint and Karakozis, Ioannis Christos and Genova, Kyle and Nair, Prem and Hata, Kenji and Russakovsky, Olga},
  title     = {Towards Fairness in Visual Recognition: Effective Strategies for Bias Mitigation},
  year      = {2019},
  copyright = {arXiv.org perpetual, non-exclusive license},
  doi       = {10.48550/ARXIV.1911.11834},
  keywords  = {Computer Vision and Pattern Recognition (cs.CV), FOS: Computer and information sciences, FOS: Computer and information sciences},
  publisher = {arXiv},
}

@misc{fairness_through_awarness,
  title = {Fairness Through Awareness
  },
  author = {Cynthia Dwork and Moritz Hardt and Toniann Pitassi and Omer Reingold and Richard Zemel},
  year = {2012},
  howpublished = {\url{https://arxiv.org/abs/1104.3913}}
}

@misc{adamw,
  title = {Decoupled Weight Decay Regularization
  },
  author = {Ilya Loshchilov, Frank Hutter},
  year = {2017},
  howpublished = {\url{https://arxiv.org/abs/1711.05101}}
}

@misc{cosine_scheduler,
  title = {SGDR: Stochastic Gradient Descent with Warm Restarts
  },
  author = {Ilya Loshchilov, Frank Hutter},
  year = {2017},
  howpublished = {\url{https://arxiv.org/abs/1704.00109}}
}

@Misc{loreal_chart,
  author = {{L'Oréal Research and Innovation}},
  title  = {Expert In Skin And Hair Types Around The World},
  url    = {https://www.loreal.com/en/articles/science-and-technology/expert-inskin/},
}

@Misc{accel_fairness,
  author    = {Montoya, Laura N and Roberts, Jennafer Shae and Hidalgo, Belen Sanchez},
  title     = {Towards Fairness in AI for Melanoma Detection: Systemic Review and Recommendations},
  year      = {2024},
  copyright = {Creative Commons Attribution Non Commercial Share Alike 4.0 International},
  doi       = {10.48550/ARXIV.2411.12846},
  keywords  = {Computers and Society (cs.CY), Computer Vision and Pattern Recognition (cs.CV), Human-Computer Interaction (cs.HC), Image and Video Processing (eess.IV), FOS: Computer and information sciences, FOS: Computer and information sciences, FOS: Electrical engineering, electronic engineering, information engineering, FOS: Electrical engineering, electronic engineering, information engineering},
  publisher = {arXiv},
}

@Article{isic_recommendations,
  author    = {Cassidy, Bill and Kendrick, Connah and Brodzicki, Andrzej and Jaworek-Korjakowska, Joanna and Yap, Moi Hoon},
  journal   = {Medical Image Analysis},
  title     = {Analysis of the ISIC image datasets: Usage, benchmarks and recommendations},
  year      = {2022},
  issn      = {1361-8415},
  month     = jan,
  pages     = {102305},
  volume    = {75},
  doi       = {10.1016/j.media.2021.102305},
  publisher = {Elsevier BV},
}

@Article{fitzy,
  author    = {Fitzpatrick, Thomas B.},
  journal   = {Archives of Dermatology},
  title     = {The Validity and Practicality of Sun-Reactive Skin Types I Through VI},
  year      = {1988},
  issn      = {0003-987X},
  month     = jun,
  number    = {6},
  pages     = {869},
  volume    = {124},
  doi       = {10.1001/archderm.1988.01670060015008},
  publisher = {American Medical Association (AMA)},
}

@Article{dullrazor,
  author    = {Lee, Tim and Ng, Vincent and Gallagher, Richard and Coldman, Andrew and McLean, David},
  journal   = {Computers in Biology and Medicine},
  title     = {Dullrazor®: A software approach to hair removal from images},
  year      = {1997},
  issn      = {0010-4825},
  month     = nov,
  number    = {6},
  pages     = {533--543},
  volume    = {27},
  doi       = {10.1016/s0010-4825(97)00020-6},
  publisher = {Elsevier BV},
}

@Article{skin_color_labels,
  author    = {Daneshjou, Roxana and Smith, Mary P. and Sun, Mary D. and Rotemberg, Veronica and Zou, James},
  journal   = {JAMA Dermatology},
  title     = {Lack of Transparency and Potential Bias in Artificial Intelligence Data Sets and Algorithms: A Scoping Review},
  year      = {2021},
  issn      = {2168-6068},
  month     = nov,
  number    = {11},
  pages     = {1362},
  volume    = {157},
  doi       = {10.1001/jamadermatol.2021.3129},
  publisher = {American Medical Association (AMA)},
}

@Article{chardon,
  author    = {Chardon, A. and Creotis, I. and Hourseau, C.},
  journal   = {International Journal of Cosmetic Science},
  title     = {Skin colour typology and suntanning pathways},
  year      = {1991},
  issn      = {1468-2494},
  month     = aug,
  number    = {4},
  pages     = {191--208},
  volume    = {13},
  doi       = {10.1111/j.1467-2494.1991.tb00561.x},
  publisher = {Wiley},
}

@Article{letter_ita_fp,
  author    = {Osto, Muhammad and Hamzavi, Iltefat H. and Lim, Henry W. and Kohli, Indermeet},
  journal   = {Photochemistry and Photobiology},
  title     = {Individual Typology Angle and Fitzpatrick Skin Phototypes are Not Equivalent in Photodermatology},
  year      = {2021},
  issn      = {1751-1097},
  month     = nov,
  number    = {1},
  pages     = {127--129},
  volume    = {98},
  doi       = {10.1111/php.13562},
  publisher = {Wiley},
}


@Article{isic_2020_dataset,
  author    = {Rotemberg, Veronica and Kurtansky, Nicole and Betz-Stablein, Brett and Caffery, Liam and Chousakos, Elias and Codella, Noel and Combalia, Marc and Dusza, Stephen and Guitera, Pascale and Gutman, David and Halpern, Allan and Helba, Brian and Kittler, Harald and Kose, Kivanc and Langer, Sharon and Lioprys, Karla and Malvehy, Josep and Musthaq, Shaikh and Nanda, Jyoti and Reiter, Orly and Shih, George and Stratigos, Alexander and Tschandl, Philipp and Weber, Jürgen and Soyer, Peter},
  title     = {A patient-centric dataset of images and metadata for identifying melanomas using clinical context},
  journal   = {Scientific Data},
  volume    = {8},
  pages     = {34},
  year      = {2021},
  doi       = {10.1038/s41597-021-00815-z}
}


@misc{fairness_review,
  title = {Towards Fairness in AI for Melanoma Detection:
Systemic Review and Recommendations

  },
  author = {Laura N Montoya, Jennafer Shae Roberts, and Bel´en S´anchez Hidalgo
},
  year = {2024},
  howpublished = {\url{https://arxiv.org/abs/2411.12846v1}}
}

@misc{bias_vs_fairness,
  title = {FAIRNESS AND BIAS IN ARTIFICIAL
INTELLIGENCE: A BRIEF SURVEY OF
SOURCES, IMPACTS, AND MITIGATION
STRATEGIES
  },
  author = {Emilio Ferrara
},
  year = {2023},
  howpublished = {\url{https://arxiv.org/pdf/2304.07683}}
}

@Article{visual_inspection,
  author    = {Dinnes, Jacqueline and Deeks, Jonathan J and Grainge, Matthew J and Chuchu, Naomi and Ferrante di Ruffano, Lavinia and Matin, Rubeta N and Thomson, David R and Wong, Kai Yuen and Aldridge, Roger Benjamin and Abbott, Rachel and Fawzy, Monica and Bayliss, Susan E and Takwoingi, Yemisi and Davenport, Clare and Godfrey, Kathie and Walter, Fiona M and Williams, Hywel C},
  journal   = {Cochrane Database of Systematic Reviews},
  title     = {Visual inspection for diagnosing cutaneous melanoma in adults},
  year      = {2018},
  issn      = {1465-1858},
  month     = dec,
  number    = {12},
  volume    = {2018},
  doi       = {10.1002/14651858.cd013194},
  publisher = {Wiley},
}

@Article{cnn_vs_derm,
  author    = {Brinker, Titus J. and Hekler, Achim and Enk, Alexander H. and Berking, Carola and Haferkamp, Sebastian and Hauschild, Axel and Weichenthal, Michael and Klode, Joachim and Schadendorf, Dirk and Holland-Letz, Tim and von Kalle, Christof and Fröhling, Stefan and Schilling, Bastian and Utikal, Jochen S.},
  journal   = {European Journal of Cancer},
  title     = {Deep neural networks are superior to dermatologists in melanoma image classification},
  year      = {2019},
  issn      = {0959-8049},
  month     = sep,
  pages     = {11--17},
  volume    = {119},
  doi       = {10.1016/j.ejca.2019.05.023},
  publisher = {Elsevier BV},
}

@Article{abcde,
  author    = {Thomas, L. and Tranchand, P. and Berard, F. and Secchi, T. and Colin, C. and Moulin, G.},
  journal   = {Dermatology},
  title     = {Semiological Value of ABCDE Criteria in the Diagnosis of Cutaneous Pigmented Tumors},
  year      = {1998},
  issn      = {1421-9832},
  number    = {1},
  pages     = {11--17},
  volume    = {197},
  doi       = {10.1159/000017969},
  publisher = {S. Karger AG},
}

@Article{seven_point,
  author    = {MacKie, R M},
  journal   = {BMJ},
  title     = {Clinical recognition of early invasive malignant melanoma.},
  year      = {1990},
  issn      = {1468-5833},
  month     = nov,
  number    = {6759},
  pages     = {1005--1006},
  volume    = {301},
  doi       = {10.1136/bmj.301.6759.1005},
  publisher = {BMJ},
}

@Article{three_point,
  author    = {Soyer, H. Peter and Argenziano, Giuseppe and Zalaudek, Iris and Corona, Rosamaria and Sera, Francesco and Talamini, Renato and Barbato, Filomena and Baroni, Adone and Cicale, Lorenza and Di Stefani, Alessandro and Farro, Pietro and Rossiello, Luigi and Ruocco, Eleonora and Chimenti, Sergio},
  journal   = {Dermatology},
  title     = {Three-Point Checklist of Dermoscopy},
  year      = {2004},
  issn      = {1421-9832},
  number    = {1},
  pages     = {27--31},
  volume    = {208},
  doi       = {10.1159/000075042},
  publisher = {S. Karger AG},
}

@Article{pattern_analysis,
  author    = {Braun, Ralph P and Rabinovitz, Harold S and Oliviero, Margeret and Kopf, Alfred W and Saurat, Jean H},
  journal   = {Clinics in Dermatology},
  title     = {Pattern analysis: a two-step procedure for the dermoscopic diagnosis of melanoma},
  year      = {2002},
  issn      = {0738-081X},
  month     = may,
  number    = {3},
  pages     = {236--239},
  volume    = {20},
  doi       = {10.1016/s0738-081x(02)00216-x},
  publisher = {Elsevier BV},
}

@Article{ugly_duckling,
  author    = {Gaudy-Marqueste, Caroline and Wazaefi, Yanal and Bruneu, Yvane and Triller, Raoul and Thomas, Luc and Pellacani, Giovanni and Malvehy, Josep and Avril, Marie-Françoise and Monestier, Sandrine and Richard, Marie-Aleth and Fertil, Bernard and Grob, Jean-Jacques},
  journal   = {JAMA Dermatology},
  title     = {Ugly Duckling Sign as a Major Factor of Efficiency in Melanoma Detection},
  year      = {2017},
  issn      = {2168-6068},
  month     = apr,
  number    = {4},
  pages     = {279},
  volume    = {153},
  doi       = {10.1001/jamadermatol.2016.5500},
  publisher = {American Medical Association (AMA)},
}


@misc{fairlearn,
  author = {Fairlearn},
  title = {Fairness assessment},
  howpublished = {\url{https://fairlearn.org/v0.12/user_guide/assessment/index.html}},
  note = {Accessed: 2025-04-29}
}

