@misc{convnext2022,
  title = {A ConvNet for the 2020s},
  author = {Zhuang Liu and Hanzi Mao and Chao-Yuan Wu and Christoph Feichtenhofer and Trevor Darrell and Saining Xie},
  year = {2022},
  howpublished = {\url{https://arxiv.org/abs/2201.03545}}
}

@misc{convnextv2_2023,
  title = {ConvNeXt V2: Co-designing and Scaling ConvNets with Masked Autoencoders},
  author = {Zhuang Liu and Alexander Kirillov and Alan Yuille and Saining Xie},
  year = {2023},
  howpublished = {\url{https://arxiv.org/abs/2301.00808}}
}

@misc{efficientnetv2_2021,
  title = {EfficientNetV2: Smaller Models and Faster Training},
  author = {Mingxing Tan and Quoc V. Le},
  year = {2021},
  howpublished = {\url{https://arxiv.org/abs/2104.00298}}
}

@misc{dinov2_2023,
  title = {DINOv2: Learning Robust Visual Features without Supervision},
  author = {Mathilde Caron and Hugo Touvron and Ishan Misra and Hervé Jégou and Julien Mairal and Piotr Bojanowski and Armand Joulin},
  year = {2023},
  howpublished = {\url{https://arxiv.org/abs/2304.07193}}
}
